@Manual{R-base,
  title = {R: A Language and Environment for Statistical Computing},
  author = {{R Core Team}},
  organization = {R Foundation for Statistical Computing},
  address = {Vienna, Austria},
  year = {2020},
  url = {https://www.R-project.org/},
}

@Manual{R-bookdown,
  title = {bookdown: Authoring Books and Technical Documents with R Markdown},
  author = {Yihui Xie},
  year = {2020},
  note = {R package version 0.21},
  url = {https://github.com/rstudio/bookdown},
}

@Manual{R-caret,
  title = {caret: Classification and Regression Training},
  author = {Max Kuhn},
  year = {2020},
  note = {R package version 6.0-86},
  url = {https://github.com/topepo/caret/},
}

@Manual{R-correlation,
  title = {correlation: Methods for Correlation Analysis},
  author = {Dominique Makowski and Daniel Lüdecke and Mattan S. Ben-Shachar and Indrajeet Patil},
  year = {2021},
  note = {R package version 0.6.0},
  url = {https://easystats.github.io/correlation/},
}

@Manual{R-cowplot,
  title = {cowplot: Streamlined Plot Theme and Plot Annotations for ggplot2},
  author = {Claus O. Wilke},
  year = {2020},
  note = {R package version 1.1.0},
  url = {https://wilkelab.org/cowplot/},
}

@Manual{R-data.table,
  title = {data.table: Extension of `data.frame`},
  author = {Matt Dowle and Arun Srinivasan},
  year = {2020},
  note = {R package version 1.13.2},
  url = {https://CRAN.R-project.org/package=data.table},
}

@Manual{R-dplyr,
  title = {dplyr: A Grammar of Data Manipulation},
  author = {Hadley Wickham and Romain François and Lionel {
             Henry} and Kirill Müller},
  year = {2020},
  note = {R package version 1.0.2},
  url = {https://CRAN.R-project.org/package=dplyr},
}

@Manual{R-dslabs,
  title = {dslabs: Data Science Labs},
  author = {Rafael A. Irizarry and Amy Gill},
  year = {2019},
  note = {R package version 0.7.3},
  url = {https://CRAN.R-project.org/package=dslabs},
}

@Manual{R-forcats,
  title = {forcats: Tools for Working with Categorical Variables (Factors)},
  author = {Hadley Wickham},
  year = {2020},
  note = {R package version 0.5.0},
  url = {https://CRAN.R-project.org/package=forcats},
}

@Manual{R-gapminder,
  title = {gapminder: Data from Gapminder},
  author = {Jennifer Bryan},
  year = {2017},
  note = {R package version 0.3.0},
  url = {https://CRAN.R-project.org/package=gapminder},
}

@Manual{R-GGally,
  title = {GGally: Extension to ggplot2},
  author = {Barret Schloerke and Di Cook and Joseph Larmarange and Francois Briatte and Moritz Marbach and Edwin Thoen and Amos Elberg and Jason Crowley},
  year = {2020},
  note = {R package version 2.0.0},
  url = {https://CRAN.R-project.org/package=GGally},
}

@Manual{R-ggbeeswarm,
  title = {ggbeeswarm: Categorical Scatter (Violin Point) Plots},
  author = {Erik Clarke and Scott Sherrill-Mix},
  year = {2017},
  note = {R package version 0.6.0},
  url = {https://github.com/eclarke/ggbeeswarm},
}

@Manual{R-ggplot2,
  title = {ggplot2: Create Elegant Data Visualisations Using the Grammar of Graphics},
  author = {Hadley Wickham and Winston Chang and Lionel Henry and Thomas Lin Pedersen and Kohske Takahashi and Claus Wilke and Kara Woo and Hiroaki Yutani and Dewey Dunnington},
  year = {2020},
  note = {R package version 3.3.2},
  url = {https://CRAN.R-project.org/package=ggplot2},
}

@Manual{R-ggplotify,
  title = {ggplotify: Convert Plot to grob or ggplot Object},
  author = {Guangchuang Yu},
  year = {2020},
  note = {R package version 0.0.5},
  url = {https://github.com/GuangchuangYu/ggplotify},
}

@Manual{R-ggrepel,
  title = {ggrepel: Automatically Position Non-Overlapping Text Labels with
ggplot2},
  author = {Kamil Slowikowski},
  year = {2020},
  note = {R package version 0.8.2},
  url = {http://github.com/slowkow/ggrepel},
}

@Manual{R-gridExtra,
  title = {gridExtra: Miscellaneous Functions for "Grid" Graphics},
  author = {Baptiste Auguie},
  year = {2017},
  note = {R package version 2.3},
  url = {https://CRAN.R-project.org/package=gridExtra},
}

@Manual{R-HistData,
  title = {HistData: Data Sets from the History of Statistics and Data Visualization},
  author = {Michael Friendly},
  year = {2021},
  note = {R package version 0.8-7},
  url = {https://CRAN.R-project.org/package=HistData},
}

@Manual{R-knitr,
  title = {knitr: A General-Purpose Package for Dynamic Report Generation in R},
  author = {Yihui Xie},
  year = {2020},
  note = {R package version 1.30},
  url = {https://yihui.org/knitr/},
}

@Manual{R-Lahman,
  title = {Lahman: Sean Lahman Baseball Database},
  author = {Michael Friendly and Chris Dalzell and Martin Monkman and Dennis Murphy},
  year = {2020},
  note = {R package version 8.0-0},
  url = {https://CRAN.R-project.org/package=Lahman},
}

@Manual{R-lattice,
  title = {lattice: Trellis Graphics for R},
  author = {Deepayan Sarkar},
  year = {2020},
  note = {R package version 0.20-41},
  url = {http://lattice.r-forge.r-project.org/},
}

@Manual{R-magrittr,
  title = {magrittr: A Forward-Pipe Operator for R},
  author = {Stefan Milton Bache and Hadley Wickham},
  year = {2014},
  note = {R package version 1.5},
  url = {https://CRAN.R-project.org/package=magrittr},
}

@Manual{R-MASS,
  title = {MASS: Support Functions and Datasets for Venables and Ripley's MASS},
  author = {Brian Ripley},
  year = {2020},
  note = {R package version 7.3-53},
  url = {http://www.stats.ox.ac.uk/pub/MASS4/},
}

@Manual{R-mvtnorm,
  title = {mvtnorm: Multivariate Normal and t Distributions},
  author = {Alan Genz and Frank Bretz and Tetsuhisa Miwa and Xuefei Mi and Torsten Hothorn},
  year = {2020},
  note = {R package version 1.1-1},
  url = {http://mvtnorm.R-forge.R-project.org},
}

@Manual{R-patchwork,
  title = {patchwork: The Composer of Plots},
  author = {Thomas Lin Pedersen},
  year = {2020},
  note = {R package version 1.0.1},
  url = {https://CRAN.R-project.org/package=patchwork},
}

@Manual{R-pheatmap,
  title = {pheatmap: Pretty Heatmaps},
  author = {Raivo Kolde},
  year = {2019},
  note = {R package version 1.0.12},
  url = {https://CRAN.R-project.org/package=pheatmap},
}

@Manual{R-plotROC,
  title = {plotROC: Generate Useful ROC Curve Charts for Print and Interactive Use},
  author = {Michael C. Sachs},
  year = {2018},
  note = {R package version 2.2.1},
  url = {http://sachsmc.github.io/plotROC},
}

@Manual{R-PRROC,
  title = {PRROC: Precision-Recall and ROC Curves for Weighted and Unweighted Data},
  author = {Jan Grau and Jens Keilwagen},
  year = {2018},
  note = {R package version 1.3.1},
  url = {https://CRAN.R-project.org/package=PRROC},
}

@Manual{R-purrr,
  title = {purrr: Functional Programming Tools},
  author = {Lionel Henry and Hadley Wickham},
  year = {2020},
  note = {R package version 0.3.4},
  url = {https://CRAN.R-project.org/package=purrr},
}

@Manual{R-randomForest,
  title = {randomForest: Breiman and Cutler's Random Forests for Classification and
Regression},
  author = {Leo Breiman and Adele Cutler and Andy Liaw and Matthew Wiener},
  year = {2018},
  note = {R package version 4.6-14},
  url = {https://www.stat.berkeley.edu/~breiman/RandomForests/},
}

@Manual{R-readr,
  title = {readr: Read Rectangular Text Data},
  author = {Hadley Wickham and Jim Hester},
  year = {2020},
  note = {R package version 1.4.0},
  url = {https://CRAN.R-project.org/package=readr},
}

@Manual{R-rmarkdown,
  title = {rmarkdown: Dynamic Documents for R},
  author = {JJ Allaire and Yihui Xie and Jonathan McPherson and Javier Luraschi and Kevin Ushey and Aron Atkins and Hadley Wickham and Joe Cheng and Winston Chang and Richard Iannone},
  year = {2020},
  note = {R package version 2.5},
  url = {https://github.com/rstudio/rmarkdown},
}

@Manual{R-scales,
  title = {scales: Scale Functions for Visualization},
  author = {Hadley Wickham and Dana Seidel},
  year = {2020},
  note = {R package version 1.1.1},
  url = {https://CRAN.R-project.org/package=scales},
}

@Manual{R-stringr,
  title = {stringr: Simple, Consistent Wrappers for Common String Operations},
  author = {Hadley Wickham},
  year = {2019},
  note = {R package version 1.4.0},
  url = {https://CRAN.R-project.org/package=stringr},
}

@Manual{R-tibble,
  title = {tibble: Simple Data Frames},
  author = {Kirill Müller and Hadley Wickham},
  year = {2020},
  note = {R package version 3.0.4},
  url = {https://CRAN.R-project.org/package=tibble},
}

@Manual{R-tidyr,
  title = {tidyr: Tidy Messy Data},
  author = {Hadley Wickham},
  year = {2020},
  note = {R package version 1.1.2},
  url = {https://CRAN.R-project.org/package=tidyr},
}

@Manual{R-tidyverse,
  title = {tidyverse: Easily Install and Load the Tidyverse},
  author = {Hadley Wickham},
  year = {2019},
  note = {R package version 1.3.0},
  url = {https://CRAN.R-project.org/package=tidyverse},
}

@Book{bookdown2016,
  title = {bookdown: Authoring Books and Technical Documents with {R} Markdown},
  author = {Yihui Xie},
  publisher = {Chapman and Hall/CRC},
  address = {Boca Raton, Florida},
  year = {2016},
  note = {ISBN 978-1138700109},
  url = {https://github.com/rstudio/bookdown},
}

@Article{correlation2020,
  title = {Methods and Algorithms for Correlation Analysis in R.},
  author = {Dominique Makowski and Mattan S. Ben-Shachar and Indrajeet Patil and Daniel Lüdecke},
  doi = {10.21105/joss.02306},
  year = {2020},
  journal = {Journal of Open Source Software},
  number = {51},
  volume = {5},
  pages = {2306},
  url = {https://joss.theoj.org/papers/10.21105/joss.02306},
}

@Book{ggplot22016,
  author = {Hadley Wickham},
  title = {ggplot2: Elegant Graphics for Data Analysis},
  publisher = {Springer-Verlag New York},
  year = {2016},
  isbn = {978-3-319-24277-4},
  url = {https://ggplot2.tidyverse.org},
}

@Book{knitr2015,
  title = {Dynamic Documents with {R} and knitr},
  author = {Yihui Xie},
  publisher = {Chapman and Hall/CRC},
  address = {Boca Raton, Florida},
  year = {2015},
  edition = {2nd},
  note = {ISBN 978-1498716963},
  url = {https://yihui.org/knitr/},
}

@InCollection{knitr2014,
  booktitle = {Implementing Reproducible Computational Research},
  editor = {Victoria Stodden and Friedrich Leisch and Roger D. Peng},
  title = {knitr: A Comprehensive Tool for Reproducible Research in {R}},
  author = {Yihui Xie},
  publisher = {Chapman and Hall/CRC},
  year = {2014},
  note = {ISBN 978-1466561595},
  url = {http://www.crcpress.com/product/isbn/9781466561595},
}

@Book{lattice2008,
  title = {Lattice: Multivariate Data Visualization with R},
  author = {Deepayan Sarkar},
  publisher = {Springer},
  address = {New York},
  year = {2008},
  note = {ISBN 978-0-387-75968-5},
  url = {http://lmdvr.r-forge.r-project.org},
}

@Book{MASS2002,
  title = {Modern Applied Statistics with S},
  author = {W. N. Venables and B. D. Ripley},
  publisher = {Springer},
  edition = {Fourth},
  address = {New York},
  year = {2002},
  note = {ISBN 0-387-95457-0},
  url = {http://www.stats.ox.ac.uk/pub/MASS4/},
}

@Book{mvtnorm2009,
  title = {Computation of Multivariate Normal and t Probabilities},
  author = {Alan Genz and Frank Bretz},
  series = {Lecture Notes in Statistics},
  year = {2009},
  publisher = {Springer-Verlag},
  address = {Heidelberg},
  isbn = {978-3-642-01688-2},
}

@Article{plotROC2017,
  title = {{plotROC}: A Tool for Plotting ROC Curves},
  author = {Michael C. Sachs},
  journal = {Journal of Statistical Software, Code Snippets},
  year = {2017},
  volume = {79},
  number = {2},
  pages = {1--19},
  doi = {10.18637/jss.v079.c02},
}

@Article{PRROC2014,
  title = {Area under Precision-Recall Curves for Weighted and Unweighted Data},
  author = {Jens Keilwagen and Ivo Grosse and Jan Grau},
  year = {2014},
  volume = {9},
  number = {3},
  journal = {PLOS ONE},
}

@Article{PRROC2015,
  title = {PRROC: computing and visualizing precision-recall and receiver operating characteristic curves in R},
  author = {Jan Grau and Ivo Grosse and Jens Keilwagen},
  year = {2015},
  volume = {31},
  number = {15},
  pages = {2595-2597},
  journal = {Bioinformatics},
}

@Article{randomForest2002,
  title = {Classification and Regression by randomForest},
  author = {Andy Liaw and Matthew Wiener},
  journal = {R News},
  year = {2002},
  volume = {2},
  number = {3},
  pages = {18-22},
  url = {https://CRAN.R-project.org/doc/Rnews/},
}

@Book{rmarkdown2018,
  title = {R Markdown: The Definitive Guide},
  author = {Yihui Xie and J.J. Allaire and Garrett Grolemund},
  publisher = {Chapman and Hall/CRC},
  address = {Boca Raton, Florida},
  year = {2018},
  note = {ISBN 9781138359338},
  url = {https://bookdown.org/yihui/rmarkdown},
}

@Book{rmarkdown2020,
  title = {R Markdown Cookbook},
  author = {Yihui Xie and Christophe Dervieux and Emily Riederer},
  publisher = {Chapman and Hall/CRC},
  address = {Boca Raton, Florida},
  year = {2020},
  note = {ISBN 9780367563837},
  url = {https://bookdown.org/yihui/rmarkdown-cookbook},
}

@Article{tidyverse2019,
  title = {Welcome to the {tidyverse}},
  author = {Hadley Wickham and Mara Averick and Jennifer Bryan and Winston Chang and Lucy D'Agostino McGowan and Romain François and Garrett Grolemund and Alex Hayes and Lionel Henry and Jim Hester and Max Kuhn and Thomas Lin Pedersen and Evan Miller and Stephan Milton Bache and Kirill Müller and Jeroen Ooms and David Robinson and Dana Paige Seidel and Vitalie Spinu and Kohske Takahashi and Davis Vaughan and Claus Wilke and Kara Woo and Hiroaki Yutani},
  year = {2019},
  journal = {Journal of Open Source Software},
  volume = {4},
  number = {43},
  pages = {1686},
  doi = {10.21105/joss.01686},
}

